@inproceedings{WR:SOCS:12,
  added-at = {2012-08-17T00:00:00.000+0200},
  author = {Wilt, Christopher Makoto and Ruml, Wheeler},
  biburl = {http://www.bibsonomy.org/bibtex/20324ee6226fef631d2207f6b43bf6257/dblp},
  booktitle = {Proceedings of the 5th Annual Symposium on Combinatorial Search (SOCS)},
  ee = {http://www.aaai.org/ocs/index.php/SOCS/SOCS12/paper/view/5413},
  interhash = {b70182334c6af78af986383dd2d7927e},
  intrahash = {0324ee6226fef631d2207f6b43bf6257},
  keywords = {dblp},
  publisher = {},
  timestamp = {2012-08-18T11:34:19.000+0200},
  title = {When Does Weighted {A}* Fail?},
  url = {http://dblp.uni-trier.de/db/conf/socs/socs2012.html#WiltR12},
  year = 2012
}\textbf{â€¢}

@inproceedings{JS:AIIDE:08,
  title={Direction maps for cooperative pathfinding},
  author={Jansen, M.R. and Sturtevant, N.R.},
  booktitle={Proceedings of the 4th Artificial Intelligence and Interactive Digital Entertainment Conference (AIIDE)},
  year={2008},
  pages={185-190},
  url = {http://web.cs.du.edu/~sturtevant/papers/aiide_dm.pdf},
}

@inproceedings{WB:ICAPS:08,
author = {K.-H. C. Wang and A. Botea},
title = {{Fast and Memory-Efficient Multi-Agent Pathfinding}}, 
booktitle = {Proceedings of the 18th International Conference on Automated Planning and Scheduling (ICAPS)}, 
year = {2008},
pages = {380--387},
address = {Sydney, Australia}
}

@article{WB:JAIR:11,
 author = {Wang, Ko-Hsin Cindy and Botea, Adi},
 title = {MAPP: A Scalable Multi-agent Path Planning Algorithm with Tractability and Completeness Guarantees},
 journal = {Journal of Artificial Intelligence},
 issue_date = {September 2011},
 volume = {42},
 number = {1},
 month = sep,
 year = {2011},
 issn = {1076-9757},
 pages = {55--90},
 numpages = {36},
 url = {http://dl.acm.org/citation.cfm?id=2208436.2208439},
 acmid = {2208439},
 publisher = {AI Access Foundation},
 address = {USA},
} 


@article{SSFS:AIJ:15,
  author    = {Guni Sharon and
               Roni Stern and
               Ariel Felner and
               Nathan R. Sturtevant},
  title     = {Conflict-based search for optimal multi-agent pathfinding},
  journal   = {Artificial Intelligence},
  volume    = {219},
  pages     = {40--66},
  year      = {2015},
  url       = {http://dx.doi.org/10.1016/j.artint.2014.11.006},
  doi       = {10.1016/j.artint.2014.11.006},
  timestamp = {Mon, 24 May 4427171 09:55:44 +},
  biburl    = {http://dblp.uni-trier.de/rec/bib/journals/ai/SharonSFS15},
  bibsource = {dblp computer science bibliography, http://dblp.org}
}

@inproceedings{BSSF:SOCS:14,
  author    = {Max Barer and
               Guni Sharon and
               Roni Stern and
               Ariel Felner},
  title     = {Suboptimal Variants of the Conflict-Based Search Algorithm for the
               Multi-Agent Pathfinding Problem},
  booktitle = {Proceedings of the 7th Annual Symposium on Combinatorial Search {(SOCS)}.},
  year      = {2014},
  url       = {http://www.aaai.org/ocs/index.php/SOCS/SOCS14/paper/view/8911},
  timestamp = {Thu, 11 Sep 2014 16:03:23 +0200},
  biburl    = {http://dblp.uni-trier.de/rec/bib/conf/socs/BarrerSSF14},
  bibsource = {dblp computer science bibliography, http://dblp.org}
}

@inproceedings{PCCL:RSS:12,
  author    = {Michael Phillips and
               Benjamin J. Cohen and
               Sachin Chitta and
               Maxim Likhachev},
  title     = {E-Graphs: Bootstrapping Planning with Experience Graphs},
  booktitle = {Proceedings of the 8th Robotics: Science and Systems Conference (RSS)},
  year      = {2012},
  url       = {http://www.roboticsproceedings.org/rss08/p43.html},
  timestamp = {Wed, 02 Jan 2013 19:50:17 +0100},
  biburl    = {http://dblp.uni-trier.de/rec/bib/conf/rss/PhillipsCCL12},
  bibsource = {dblp computer science bibliography, http://dblp.org}
}

@article{PJ:IEEE:82,
  added-at = {2012-04-02T11:17:41.000+0200},
  author = {Pearl, Judea and Kim, Jin H.},
  biburl = {http://www.bibsonomy.org/bibtex/2cffced80a381ed93caafe7d1979acd1d/roni.stern},
  interhash = {746a2d788a8e60b793abfdcfc627612b},
  intrahash = {cffced80a381ed93caafe7d1979acd1d},
  journal = {IEEE Transactions on Pattern Analysis and Machine Intelligence},
  keywords = {heuristic heuristic_search pac_search},
  pages = {392 -399},
  timestamp = {2012-04-02T11:17:41.000+0200},
  title = {Studies in Semi-Admissible Heuristics},
  volume = {4},
  year = 1982
}

@article{WDM:AIM:08,
  added-at = {2010-12-27T00:00:00.000+0100},
  author = {Wurman, Peter R. and D'Andrea, Raffaello and Mountz, Mick},
  biburl = {http://www.bibsonomy.org/bibtex/234dc707ed5fc0fc1a7cefe1d1e0f6e77/dblp},
  ee = {http://www.aaai.org/ojs/index.php/aimagazine/article/view/2082},
  interhash = {1a0974a5fd61016aa0e9dac3c628e7d0},
  intrahash = {34dc707ed5fc0fc1a7cefe1d1e0f6e77},
  journal = {AI Magazine},
  keywords = {dblp},
  number = 1,
  pages = {9-20},
  timestamp = {2010-12-27T00:00:00.000+0100},
  title = {Coordinating Hundreds of Cooperative, Autonomous Vehicles in Warehouses.},
  url = {http://dblp.uni-trier.de/db/journals/aim/aim29.html#WurmanDM08},
  volume = 29,
  year = 2008
}

@inproceedings{YL:AAAI:13,
  author    = {Jingjin Yu and
               Steven M. LaValle},
  title     = {Structure and Intractability of Optimal Multi-Robot Path Planning
               on Graphs},
  booktitle = {Proceedings of the 27th AAAI Conference on Artificial Intelligence (AAAI)},
  year      = {2013},
  url       = {http://www.aaai.org/ocs/index.php/AAAI/AAAI13/paper/view/6111},
  timestamp = {Tue, 17 Dec 2013 19:26:12 +0100},
  biburl    = {http://dblp.uni-trier.de/rec/bib/conf/aaai/YuL13},
  bibsource = {dblp computer science bibliography, http://dblp.org}
}

@article{WC:AI:15,
  author    = {Glenn Wagner and
               Howie Choset},
  title     = {Subdimensional expansion for multirobot path planning},
  journal   = {Artificial Intelligence},
  volume    = {219},
  pages     = {1--24},
  year      = {2015},
  url       = {http://dx.doi.org/10.1016/j.artint.2014.11.001},
  doi       = {10.1016/j.artint.2014.11.001},
  timestamp = {Wed, 29 Nov 4445302 07:41:04 +},
  biburl    = {http://dblp.uni-trier.de/rec/bib/journals/ai/WagnerC15},
  bibsource = {dblp computer science bibliography, http://dblp.org}
}

@article{P:AI:70,
  added-at = {2012-02-06T10:47:14.000+0100},
  author = {Pohl, Ira},
  biburl = {http://www.bibsonomy.org/bibtex/20d4f67c962fb5fcd80804c4c06705065/roni.stern},
  interhash = {a087ee15c6553d7d0a9f680cabaaacfa},
  intrahash = {0d4f67c962fb5fcd80804c4c06705065},
  journal = {Artificial Intelligence},
  keywords = {imported},
  number = {3},
  pages = {193-204},
  timestamp = {2012-02-06T10:47:15.000+0100},
  title = {Heuristic search viewed as path finding in a graph},
  volume = 1,
  year = 1970
}


@book{D:BOOK:03,
  title={Constraint Processing},
  author={Dechter, R.},
  isbn={9781558608900},
  lccn={03044562},
  series={The Morgan Kaufmann Series in Artificial Intelligence},
  url={http://books.google.de/books?id=nR-bUtHWLBMC},
  year={2003},
  publisher={Elsevier Science}
}

@book{PH:COD:08,
 author = {Patterson, David A. and Hennessy, John L.},
 title = {Computer Organization and Design, Fourth Edition: The Hardware/Software Interface},
 year = {2008},
 isbn = {0123744938, 9780123744937},
 publisher = {Morgan Kaufmann Publishers Inc.},
 address = {San Francisco, CA, USA},
} 

@article{MH:AI:86,
 author = {Mohr, Roger and Henderson, Thomas C.},
 title = {Arc and path consistence revisited},
 journal = {Artificial Intelligence},
 issue_date = {March 1986},
 volume = {28},
 number = {2},
 month = mar,
 year = {1986},
 issn = {0004-3702},
 pages = {225--233},
 numpages = {9},
 url = {http://dx.doi.org/10.1016/0004-3702(86)90083-4},
 doi = {10.1016/0004-3702(86)90083-4},
 acmid = {5977},
 publisher = {Elsevier Science Publishers Ltd.},
 address = {Essex, UK},
}

@inproceedings{S:cpaior:05,
  author    = {T. K. Satish Kumar},
  title     = {On the Tractability of Smooth Constraint Satisfaction Problems},
  booktitle = {The 10th International Conference on Integration of Artificial Intelligence (AI) and Operations Research (OR) Techniques in Constraint Programming},
  year      = {2005},
  pages     = {304-319},
  ee        = {http://dx.doi.org/10.1007/11493853_23},
  bibsource = {DBLP, http://dblp.uni-trier.de}
}

@INPROCEEDINGS{BD:ECAI:04,
    author = {Christian Bessiere and Romuald Debruyne},
    title = {Theoretical Analysis of Singleton Arc Consistency},
    booktitle = {Proceedings of the 16th European Conference on Artificial Intelligence},
    year = {2004},
    pages = {20--29}
}

@article{N:MATH:80,
    author = {Newman, D. J.},
    citeulike-article-id = {7508966},
    journal = {Amer. Math. Monthly},
    keywords = {prime\_number\_theorem},
    number = {9},
    pages = {693--696},
    posted-at = {2010-07-17 23:50:50},
    priority = {2},
    title = {{Simple analytic proof of the prime number theorem}},
    volume = {87},
    year = {1980}
}

@article{GM:ACM:1978,
 author = {Gries, David and Misra, Jayadev},
 title = {A linear sieve algorithm for finding prime numbers},
 journal = {Commun. ACM},
 issue_date = {Dec. 1978},
 volume = {21},
 number = {12},
 month = dec,
 year = {1978},
 issn = {0001-0782},
 pages = {999--1003},
 numpages = {5},
 url = {http://doi.acm.org/10.1145/359657.359660},
 doi = {10.1145/359657.359660},
 acmid = {359660},
 publisher = {ACM},
 address = {New York, NY, USA},
 keywords = {algorithms, data structures, primes},
}

@article{SV:NM:69,
  author =  {V. Strassen},
  title =    {Gaussian elimination is not optimal.},
  journal =        {Numerische Mathematik},
  year =     {1969},
  volume =  {14},
  number =  {3},
  pages =    {354-356},
}

@inproceedings{CW:MMV:87,
 author = {Coppersmith, D. and Winograd, S.},
 title = {Matrix multiplication via arithmetic progressions},
 booktitle = {Proceedings of the 19th annual ACM Symposium on Theory of Computing},
 year = {1987},
 isbn = {0-89791-221-7},
 location = {New York, New York, United States},
 pages = {1--6},
 numpages = {6},
 url = {http://doi.acm.org/10.1145/28395.28396},
 doi = {10.1145/28395.28396},
 acmid = {28396},
 publisher = {ACM},
 address = {New York, NY, USA},
} 

@inproceedings{ZF:AAAI:04,
 author = {Zhang, Yuanlin and Freuder, Eugene C.},
 title = {Tractable tree convex constraint networks},
 booktitle = {Proceedings of the 19th American Association for Artificial Intelligence},
 year = {2004},
 isbn = {0-262-51183-5},
 location = {San Jose, California},
 pages = {197--202},
 numpages = {6},
 url = {http://dl.acm.org/citation.cfm?id=1597148.1597182},
 acmid = {1597182},
 publisher = {AAAI Press},
} 

@INPROCEEDINGS{DBBH:AI:97,
    author = {Yves Deville and Olivier Barette and Pl. Ste Barbe and Pascal Van Hentenryck},
    title = {Constraint Satisfaction over Connected Row Convex Constraints},
    booktitle = {Artificial Intelligence},
    year = {1997},
    pages = {405--411}
}

@inproceedings{TKK:ICAPS:05,
  author    = {T. K. Satish Kumar},
  title     = {On the Tractability of Restricted Disjunctive Temporal Problems},
  booktitle = {Proceedings of the 15th International Conference on Automated Planning and Scheduling},
  year      = {2005},
  pages     = {110-119},
  ee        = {http://www.aaai.org/Library/ICAPS/2005/icaps05-012.php},
  bibsource = {DBLP, http://dblp.uni-trier.de}
}

@inproceedings{KR:ICAPS:06,
  author    = {T. K. Satish Kumar and
               Stuart J. Russell},
  title     = {On Some Tractable Cases of Logical Filtering},
  booktitle = {Proceedings of the 16th International Conference on Automated Planning and Scheduling},
  year      = {2006},
  pages     = {83-92},
  ee        = {http://www.aaai.org/Library/ICAPS/2006/icaps06-009.php},
  bibsource = {DBLP, http://dblp.uni-trier.de}
}

@inproceedings{F:IFIP:77,
  author    = {Rusins Freivalds},
  title     = {Probabilistic Machines Can Use Less Running Time},
  booktitle = {International Federation for Information Processing},
  year      = {1977},
  pages     = {839-842},
  bibsource = {DBLP, http://dblp.uni-trier.de}
}
